@inproceedings{santanna2003,
      author =   "Claudio Sant'Anna and Alessandro Garcia and Christina Chavez and Carlos Lucena and Arndt von Staa",
      title =    "On the Reuse and Maintenance of Aspect-Oriented Software: An Assessment Framework",
      journal =      "Proceedings of Brazilian Symposium on Software Engineering",
      booktitle =    "Proceedings of Brazilian Symposium on Software Engineering",
      pages   =      {19--34},
      year =     2003
}





@article{andrade2006,
    author    = {Andrade, R. F. S and Miranda, J. G. V. and Petit LobÃo, T.},
    title     = {Neighborhood properties of complex networks.},
    journal   = {Phys. Rev. E.},
    volume    = {73},
    year      = {2006},
}

@article{andrade2008,
    author    = {Andrade, R. F. S. and Miranda, J. G. V. and Pinho, S. T. R. and Petit LobÃo, T.},
    title     = {Measuring distances between complex networks},
    journal   = {Phys. Lett. A.},
    volume    = {372},
    pages     = {5265-5269},
    year      = {2008},
}

@article{andrade2009,
    author    = {Andrade, R. F. S. and Pinho, S. T.R. and LobÃo, T. P.},
    title     = {Identification of Community Structure in Networks using Higher Order Neighborhood Concepts},
    journal   = {Int. J. Bifurc. Chaos 19.},
    volume    = {8},
    year      = {2009},
}

@article{andrade2011,
    author    = {Andrade, Roberto F. S. and Rocha Neto, I. C. and Santos, Leonardo B. L. and de Santana, Charles N. and Diniz, Marcelo V. C. and LobÃo, Thierry Petit and Goés-Neto, Aristóteles and Pinho, Suani T. R. and El-Hani, Charbel N. and Ouzounis, Christos},
    title     = {Detecting Network Communities: An Application to Phylogenetic Analysis},
    journal   = {PLoS Computational Biology.},
    volume    = {7},
    pages     = {e1001131},
    year      = {2011},
}

@article{barabasi2004,
    author    = {Barabasi, A. L. and Oltvai, Z. N.},
    title     = {Network biology: understanding the cell's functional organization},
    journal   = {Nat. Rev. Genet.},
    volume    = {5},
    pages     = {101-130},
    year      = {2004},
}

@article{bessa2008,
    author    = {Bessa, A. D. and Santos, L. B. L. and Costa, M. C.},
    title     = {Introdução às Redes Complexas},
    journal   = {pre-print.},
    year      = {2008},
}


[Bessa2008] .  (2008) – pre-print.

@article{goesneto2010,
    author    = {GÓes-Neto, Aristóteles and Diniz, Marcelo V.C. and Santos, Leonardo B.L. and Pinho,
Suani T.R. and Miranda, José G.V. and Lobao, Thierry Petit and Borges, Ernesto P. and El-Hani, Charbel
Niño and Andrade, Roberto F.S.},
    title     = {Comparative protein analysis of the chitin metabolic pathway in
extant organisms: A complex network approach},
    journal   = {Biosystems (Amsterdam. Print).},
    volume    = {101},
    pages     = {59-66},
    year      = {2010},
}

@article{blast1997,
    author    = {Altschul, S.F. and Madden, T.L. and Schäffer, A.A. and Zhang, J. and Zhang, Z. and Miller, W. and Lipman, D.J.},
    title     = {Gapped BLAST and PSI-BLAST: a new generation of protein database search programs},
    journal   = {Nucleic Acids Res.},
    volume    = {25},
    pages     = {3389-3402},
    year      = {1997},
}

@article{newman2003,
    author    = {Newman, M. E. J.},
    title     = {The structure and function of complex networks},
    journal   = {SIAM Review.},
    volume    = {45},
    pages     = {167-256},
    year      = {2003},
}

@article{newman2004,
    author    = {Newman, M. E. J. and Girvan, M.},
    title     = {Finding and evaluating community structure in networks},
    journal   = {Phys. Rev. E},
    volume    = {69},
    year      = {2004},
}

@Mastersthesis{marcelo2010,
	author={Marcelo Vera Cruz Diniz},
	title={Análise Computacional de sistases da quitina de fungos basidiomicetos},
	school={Universidade Estadual de Feira de Santana},
    address={Feira de Santana},
	year={2010},
} 

@Misc{ncbi,
      title = "National Center for Biotechnology Information",
      url= "http://www.ncbi.nlm.nih.gov/",

      year= 2011,
      note = "Último acesso em 05 de Novembro de 2011"
}

@Book{nielsen1993,
	author =       "Jakob Nielsen",
	title =        "Usability Engineering",
	publisher =    "Morgan Kaufmann",
	year =         1993
}

@Book{schneider2007,
	author =       "Horacio Schneider",
	title =        "Métodos de Análise Filogenética - Um Guia Prático",
	publisher =    "Holos",
	year =         2007
}

@Book{reinhard2010,
	author =       "Reinhard Diestel",
	title =        "Graph Theory",
	publisher =    "Springer-Verlag",
	year =         2010
}

, quot;quot;
 

@Misc{python,
      title = "Python Programming Language – Official Website",
      url= "http://www.python.org/",

      year= 2011,
      note = "Último acesso em 05 de Novembro de 2011"
}

@Misc{biopython,
      title = "Biopython",
      url= "http://biopython.org/",

      year= 2011,
      note = "Último acesso em 05 de Novembro de 2011"
}

@Misc{origin,
      title = "Origin",
      url= "http://www.originlab.com/",

      year= 2011,
      note = "Último acesso em 05 de Novembro de 2011"
}

@Misc{matplotlib,
      title = "Matplotlib",
      url= "http://matplotlib.sourceforge.net/",

      year= 2011,
      note = "Último acesso em 05 de Novembro de 2011"
}

@Misc{uml,
      title = "UML",
      url= "http://www.omg.org/spec/UML/2.4/",

      year= 2011,
      note = "Último acesso em 05 de Novembro de 2011"
}


@Misc{astah,
      title = "Astah Community",
      url= "http://astah.net/editions/community",

      year= 2011,
      note = "Último acesso em 05 de Novembro de 2011"
}




@Misc{pyqt,
      title = "PyQt Reference Guide",
      url= "http://www.riverbankcomputing.co.uk/static/Docs/PyQt4/html/index.html",

      year= 2011,
      note = "Último acesso em 05 de Novembro de 2011"
}

@Book{softeng2005,
	author =       "Roger S. Pressman",
	title =        "Software Engineering: A Practitioner's Approach",
	publisher =    "McGraw-Hill",
	year =         2005
}

@article{boehm1986,
    author    = {Boehm, Barry},
    title     = {A Spiral Model of Software Development and Enhancement.},
    journal   = {ACM SIGSOFT Software Engineering Notes.},
    volume    = {11},
    number    = {4},
    year      = {1986},
    pages     = {14-24}
}

@article{DBLP:journals/tse/ChidamberK94,
    author    = {Shyam R. Chidamber and Chris F. Kemerer},
    title     = {A Metrics Suite for Object Oriented Design.},
    journal   = {IEEE Trans. Software Eng.},
    volume    = {20},
    number    = {6},
    year      = {1994},
    pages     = {476-493},
    ee        = {http://www.computer.org/tse/ts1994/e0476abs.htm},
    bibsource = {DBLP, http://dblp.uni-trier.de}
}

@Phdthesis{flach2004,
	author={Christina von Flach Garcia Chavez},
	title={Um {Enfoque} baseado em {Modelos} para o {Design} {Orientado} a {Aspectos}},
	school={Pontificia Universidade Catolica do Rio de Janeiro},
    address={Rio de Janeiro},
    month={abril},
	year={2004},
}

@Mastersthesis{bittencourt2004,
	author={Joao Ricardo de Bittencourt Menezes},
	title={Um {Framework} para Criacao de {Jogos} {Computadorizados} Multiplataforma},
	school={Pontificia Universidade Catolica do Rio Grande do Sul},
    address={Porto Alegre},
	year={2004},
}

@Techreport{amr,
	author={Arie van Deursen and Marius Marin and Leon Moonen},
	title={Aspect Mining and Refactoring},
	school={Delft University of Technology},
        note={Software Evolution Research Laboratory},
	year={2003},
}

@Techreport{reis2004,
       title={Implementando Metricas para Medicao de Codigo Fonte usando JAVACC},
       author={Marcelo Luis Boudoux Reis and Glauco de Figueiredo Carneiro},
       year=2004,
       month="Novembro",
       school={Universidade Salvador},
}

@Techreport{monteiro2004,
	author={Miguel Pessoa Monteiro},
	title={Catalogue of Refactorings for AspectJ},
	school={Universidade do Minho},
        address={Campus de Gualtar, 4710-057, Braga Portugal},
	year={2004},
}

@Article{aop,
	author = "Tzilla Elrad and Robert E. Filman and Atef Bader", 
	title  = "Aspect-Oriented Programming", 
	journal = "CACM: Communications of ACM", 
	volume = "44", 
	number = "10", 
	pages =		  {29--32}, 
	month = "October", 
	year =         2001, 
	url =  "citeseer.ist.psu.edu/elrad01aspectoriented.html"
}
@Book{buschmann1996,
	author =       "Frank Buschmann and Regine Meunier and Hans Rohnert and Peter Sommerlad and Michael Stal and Peter Sommerlad and Michael Sta",
	title =        "Pattern-Oriented Software Architecture, Volume 1: A System of Patterns",
	publisher =    "John Wiley e Sons Ltd.",
	year =         1996,
        pages= 476
}

@Book{beck2000,
	author =       "Kent Beck",
	title =        "Extreme Programming Explained: Embrace Change",
	publisher =    "Addison-Wesley",
	year =         2000
}

@Book{mcCabe,
	author =       "Norman E Fenton and Shari Lawrence Pfleeger",
	title =        "Software metrics : a rigorous and practical approach",
	publisher =    "London ; Boston : PWS Pub.",
	isbn = 1850322759,
	year =         1997
}

@Book{kerievsky2004,
	author =       "Joshua Kerievsky",
	title =        "Refactoring to Patterns",
	publisher =    "Addison-Wesley",
	isbn = 0321213351,
	pages = 400,
	month = "agosto",
	year =         2004
}

@Book{fowler2000,
	author =       "Martin Fowler and Kent Beck and John Brant and William Opdyke and Don Roberts",
	title =        "Refactoring: Improving the Design of Existing Code",
	publisher =    "Addison-Wesley",
	year =         2000
} 


@Misc{aosd,
      title = "{Aspect}-Oriented Software Development",
      url= "http://aosd.net/",

      year= 2005,
      note = "Ultimo acesso em 28 de Fevereiro de 2005"
}

@Misc{refaces,
      author="Mauricio Bomfim Cruz Vieira",
      title = "{Refaces}: refactoring to aspects",
      url= "http://refaces.tigris.org/",
      year= 2005,
      note = "Ultimo acesso em 28 de Fevereiro de 2005"
}


@Misc{WASP,
	  title = "{I} {Workshop} Brasileiro de Desenvolvimento de Software Orientado a Aspectos",
      year= 2005,
	  url = "http://www.dcc.ufba.br/wasp2004",
      note = "Ultimo acesso em 28 de Fevereiro de 2005"
}

@Misc{java,
	  title = "{The} Source for Java Technology",
      year= 2005,
	  url = "http://java.sun.com",
          note = "Ultimo acesso em 28 de Fevereiro de 2005"
}

@Misc{AspectBrowser,
      year= 2005,
	  title = "{AspectBrowser} for Eclipse",
	  url = "http://www.cs.ucsd.edu/users/wgg/Software/AB/",
          note = "Ultimo acesso em 28 de Fevereiro de 2005"
}

@Misc{Eclipse,
      year= 2005,
	  title = "{Eclipse} IDE Project",
	  url = "http://eclipse.org",
          note = "Ultimo acesso em 28 de Fevereiro de 2005"
}

@Misc{aspectj,
      year= 2005,
	  title = "{AspectJ} Project",
	  url = "http://aspectj.org",
          note = "Ultimo acesso em 28 de Fevereiro de 2005"
}

@Misc{FEAT,
      year= 2005,
	author =       "Martin Robillard",
	title =        "Feature Exploration \& Analisys Tool",
	url =          "http://www.cs.ubc.ca/labs/spl/projects/feat/",
	note =         "Ultimo acesso em 28 de Fevereiro de 2005"
}

@Misc{jUnitDoclet,
	title =        "{jUnitDoclet} test generation tool",
	url =          "http://jUnitDoclet.org",
	note =         "Ultimo acesso em 28 de Fevereiro de 2005"
}

@Misc{jUnit,
	title =        "{jUnit} Framework",
	url =          "http://jUnit.org",
	note =         "Ultimo acesso em 28 de Fevereiro de 2005"
}

@Misc{amphibian,
	title =        "Amphibian Game Engine Framework",
	url =          "http://amphibian.sourceforge.net",
	note =         "Ultimo acesso em 28 de Fevereiro de 2005"
}

@Misc{laddad2003,
	author =       "Ramnivas Laddad",
	title =        "Aspect Oriented Refactoring Series",
	url =          "http://www.theserverside.com",
	note =         "Ultimo acesso em 28 de Fevereiro de 2005",
	year = 2003
}

@Article{fayad1997,
  author =       "Mohamed Fayad and Douglas C. Schmidt",
  title =        "Object Oriented Application Frameworks",
  journal =      "Communications of the ACM",
  volume=       40,
  number=       10,
  year =         1997
}

	
@book{aho,
 author = {Alfred V. Aho and Ravi Sethi and Jeffrey D. Ullman},
 title = {Compilers: principles, techniques, and tools},
 year = {1986},
 isbn = {0-201-10088-6},
 publisher = {Addison-Wesley Longman Publishing Co., Inc.},
 }

@book{tanenbaum,
 author = {Andrew S. Tanenbaum},
 title = {Modern operating systems},
 year = {1992},
 isbn = {0-13-588187-0},
 publisher = {Prentice-Hall, Inc.},
 }

@Book{ambler,
  author = 	 "Scott W. Ambler",
  title = 	  "Analise e Projeto Orientado a Objeto",
  publisher = 	 "IBPI Press",
  year = 	 1998,
  address = "Rio de Janeiro"
}

@Article{mmcpp,
  author = 	 "Nathan C. Mayers",
  title = 	 "Memory Management in {C++}",
  journal =  "C++ report",
  year = 	 1993
}

@article{dynload,
 author = {James Norton},
 title = {Dynamic Class Loading in C++},
 journal = {Linux Journal},
 volume = {2000},
 number = {73es},
 year = {2000},
 issn = {1075-3583},
 pages = {38},
 publisher = {Specialized Systems Consultants, Inc.},
}
  

@Article{allocators,
  author= "Matt Austern",
  title = "What Are Allocators Good For?",
  journal = "The C/C++ Users Journal",
  year = 2002,
  month = dec
}

@Misc{apache,
  title = "{Apache} HTTP Server Version 1.3 Developer Resources",
  url = "http://httpd.apache.org/dev",
  note = "Ultimo acesso em 12 de Junho de 2003"
}

@Misc{java,
  title = "{The} Source for Java Technology",
  url = "http://java.sun.com",
  note = "Ultimo acesso em 12 de Junho de 2003"
}

@Misc{jsp,
  title = "JavaServer Pages Technology",
  url = "http://java.sun.com/products/jsp/",
  note = "Ultimo acesso em 12 de Junho de 2003"
}

@Misc{php,
  title = "{PHP} Hypertext Preprocessor",
  url = "http://www.php.net",
  note = "Ultimo acesso em 12 de Junho de 2003"
}

@Misc{sf,
  title = "{SourceForge}.net",
  url = "http://sourceforge.net/",
  note = "Ultimo acesso em 12 de Junho de 2003"
}

@Misc{gpl,
  title = "{The} GNU General Public License",
  url = "http://www.gnu.org/licenses/gpl.html",
  note = "Ultimo acesso em 12 de Junho de 2003"
}

@Misc{huston,
  title = "Huston Design Patterns",
  author = "Vince Huston",
  url = "http://home.earthlink.net/~huston2/dp/patterns.html",
  note = "Ultimo acesso em 12 de Junho de 2003"
}

@Book{GoF,
  title = "Design Patterns: Elements of Reusable Object-Oriented Software",
  author = "Erich Gamma and Richard Helm and Ralph Johnson and John Vlissides",
  publisher = "Addison Wesley",
  address = "Reading, MA",
  year = 1995
}
  

@Misc{tplusplus,
  title = "{Sitio} web do projeto T++",
  url = "http://tplusplus.sourceforge.net/",
  note = "Ultimo acesso em 12 de Junho de 2003"
}

@Misc{webservices,
  publisher = {Sun Microsystems},
  title = {{The} Java WebServices Tutorial},
  url = "http://java.sun.com/webservices/docs/1.1/tutorial/doc/"
}

@Misc{rfc-http,
  publisher = {Internet Society},
  title = {{Hypertext} Transfer Protocol Specification -- HTTP/1.1},
  url = "ftp://ftp.rfc-editor.org/in-notes/rfc2616.txt"
}

@InProceedings{webmidia2003,
  title = "The {T++} {Approach} to {Web} {Application} {Development}",
  author = "Terceiro, Antonio Soares de Azevedo and Chavez, Christina von Flach Garcia",
  booktitle = "Anais do Simposio Brasileiro de Sistemas Multimidia e Web -- Workshop de Ferramentas e Aplicacoes",
  year = 2003,
  publisher = "Sociedade Brasileira de Computacao",
  address = "Salvador",
  url = "http://twiki.im.ufba.br/pub/Aside/NossasPublicacoes/webmidia2003-terceiro.pdf"
}

@misc{patternsconcepts,
  title = "Patterns and Software: Essential Concepts and Terminology",
  author = "Brad Appleton",
  url = "http://www.cmcrossroads.com/bradapp/docs/patterns-intro.html"
}

@article{riehle96understanding,
    author = "Dirk Riehle and Heinz Zullighoven",
    title = "Understanding and Using Patterns in Software Development",
    journal = "Theory and Practice of Object Systems",
    volume = "2",
    number = "1",
    pages = "3-13",
    year = "1996",
    url = "citeseer.nj.nec.com/riehle96understanding.html"
}


@inproceedings{srcoopsla2003,
 author = {Antonio Soares de Azevedo Terceiro},
 title = {Issues on {Building} {T++}, a {Tool} for {Web} {Application} {Development} with {C++}},
 booktitle = {Companion of the 18th annual ACM SIGPLAN conference on Object-oriented programming, systems, languages, and applications},
 year = {2003},
 isbn = {1-58113-751-6},
 pages = {394--395},
 location = {Anaheim, CA, USA},
 doi = {http://doi.acm.org/10.1145/949344.949452},
 publisher = {ACM Press},
 }

@inproceedings{demooopsla2003,
 author = {Antonio Soares de Azevedo Terceiro and Christina von Flach G. Chavez},
 title = {Issues on {Building} {T++}: a {Tool} for {Web} {Application} {Development} with {C++}},
 booktitle = {Companion of the 18th annual ACM SIGPLAN conference on Object-oriented programming, systems, languages, and applications},
 year = {2003},
 isbn = {1-58113-751-6},
 pages = {106--107},
 location = {Anaheim, CA, USA},
 doi = {http://doi.acm.org/10.1145/949344.949372},
 publisher = {ACM Press},
 } 
